@article{parkhi2015deep,
  title = {Deep face recognition},
  author = {Omkar M. Parkhi and Andrea Vedaldi and Andrew Zisserman},
  journal = {Proceedings of the British Machine Vision Conference},
  year = {2015},
  url = {https://www.robots.ox.ac.uk/~vgg/publications/2015/Parkhi15/parkhi15.pdf},
  urldate = {2025-02-17},
}

@misc{szegedy2014intriguingpropertiesneuralnetworks,
      title={Intriguing properties of neural networks}, 
      author={Christian Szegedy and Wojciech Zaremba and Ilya Sutskever and Joan Bruna and Dumitru Erhan and Ian Goodfellow and Rob Fergus},
      year={2014},
      eprint={1312.6199},
      archivePrefix={arXiv},
      primaryClass={cs.CV},
      url={https://arxiv.org/abs/1312.6199}, 
}

@misc{goodfellow2015explainingharnessingadversarialexamples,
      title={Explaining and Harnessing Adversarial Examples}, 
      author={Ian J. Goodfellow and Jonathon Shlens and Christian Szegedy},
      year={2015},
      eprint={1412.6572},
      archivePrefix={arXiv},
      primaryClass={stat.ML},
      url={https://arxiv.org/abs/1412.6572}, 
}

@inproceedings{Chen_2016, 
   title={XGBoost: A Scalable Tree Boosting System},
   howpublished="\url[http://dx.doi.org/10.1145/2939672.2939785]",
   DOI={10.1145/2939672.2939785},
   booktitle={Proceedings of the 22nd ACM SIGKDD International Conference on Knowledge Discovery and Data Mining},
   publisher={ACM},
   author={Chen Tianqi and Guestrin Carlos},
   year={2016},
   month=aug, pages={785-794},
   collection={KDD '16},
}

@misc{ronneberger2015u,
      title={U-Net: Convolutional Networks for Biomedical Image Segmentation}, 
      author={Olaf Ronneberger and Philipp Fischer and Thomas Brox},
      year={2015},
      eprint={1505.04597},
      archivePrefix={arXiv},
      primaryClass={cs.CV},
      url={https://arxiv.org/abs/1505.04597}, 
}

@inproceedings{selvaraju2017gradcam,
  title={Grad-CAM: Visual Explanations from Deep Networks via Gradient-based Localization},
  author={Selvaraju, Ramprasaath R and Cogswell, Michael and Das, Abhishek and Vedantam, Ramakrishna and Parikh, Devi and Batra, Dhruv},
  booktitle={Proceedings of the IEEE International Conference on Computer Vision (ICCV)},
  pages={618--626},
  year={2017}
}

@misc{tramer2021,
      title={Transferable Adversarial Attacks and Defenses in the Real World}, 
      author={Florian Tram√®r and Nicholas Carlini and Wieland Brendel and Alexey Kurakin and Nicolas Papernot and Dimitris Tsipras and Dan Hendrycks},
      year={2021},
      eprint={2110.04488},
      archivePrefix={arXiv},
      primaryClass={cs.CV},
      url={https://arxiv.org/abs/2110.04488}, 
      urldate = {2025-02-17},
}